@electronic{rpiRemoteDesktopSetup,
	author = {ntewinkel},
	title = {Connecting to a Remote Desktop on the Raspberry Pi},
	date = {November 19th, 2016},
	url = {https://www.element14.com/community/docs/DOC-78170/l/connecting-to-a-remote-desktop-on-the-raspberry-pi},
}
